<record><leader>00000cas a22000007a 4500</leader><controlfield tag="001">17449004</controlfield><controlfield tag="008">880208d18951913iaucr ne      0   a0eng d</controlfield><datafield ind1=" " ind2=" " tag="010"><subfield code="a">sn 88059319 </subfield></datafield><datafield ind1=" " ind2=" " tag="040"><subfield code="a">INP</subfield><subfield code="b">eng</subfield><subfield code="c">INP</subfield><subfield code="d">OCLCQ</subfield><subfield code="d">DLC</subfield><subfield code="d">OCLCF</subfield></datafield><datafield ind1="0" ind2=" " tag="022"><subfield code="a">2374-6963</subfield><subfield code="2">1</subfield></datafield><datafield ind1=" " ind2=" " tag="042"><subfield code="a">msc</subfield><subfield code="a">nsdp</subfield></datafield><datafield ind1=" " ind2=" " tag="043"><subfield code="a">n-us-ia</subfield></datafield><datafield ind1="0" ind2="0" tag="050"><subfield code="a">Newspaper</subfield></datafield><datafield ind1="0" ind2="0" tag="082"><subfield code="a">071</subfield><subfield code="2">23</subfield></datafield><datafield ind1=" " ind2="0" tag="222"><subfield code="a">Twice-a-week plain dealer</subfield><subfield code="b">(Print)</subfield></datafield><datafield ind1="0" ind2="0" tag="245"><subfield code="a">Twice-a-week plain dealer.</subfield></datafield><datafield ind1=" " ind2=" " tag="260"><subfield code="a">Cresco, Howard County, Iowa :</subfield><subfield code="b">W.R. &amp; F.J. Mead,</subfield><subfield code="c">1895-1913.</subfield></datafield><datafield ind1=" " ind2=" " tag="300"><subfield code="a">19 v.</subfield></datafield><datafield ind1=" " ind2=" " tag="310"><subfield code="a">Semiweekly</subfield></datafield><datafield ind1="0" ind2=" " tag="362"><subfield code="a">Vol. 36, no. 29 (Apr. 9, 1895)-v. 54, no. 46 (Jan. 31, 1913).</subfield></datafield><datafield ind1=" " ind2=" " tag="500"><subfield code="a">Publisher varies.</subfield></datafield><datafield ind1=" " ind2=" " tag="515"><subfield code="a">Second issue for each week, Apr. 9-Sept. 20, 1895, repeats numbering of first issue.</subfield></datafield><datafield ind1=" " ind2=" " tag="530"><subfield code="a">Archived issues are available in digital format from the Library of Congress Chronicling America online collection.</subfield></datafield><datafield ind1=" " ind2="0" tag="651"><subfield code="a">Cresco (Iowa)</subfield><subfield code="v">Newspapers.</subfield></datafield><datafield ind1=" " ind2="7" tag="655"><subfield code="a">Newspapers.</subfield><subfield code="2">fast</subfield><subfield code="0">(OCoLC)fst01423814</subfield></datafield><datafield ind1=" " ind2="7" tag="651"><subfield code="a">Iowa</subfield><subfield code="z">Cresco.</subfield><subfield code="2">fast</subfield><subfield code="0">(OCoLC)fst01230476</subfield></datafield><datafield ind1=" " ind2=" " tag="752"><subfield code="a">United States</subfield><subfield code="b">Iowa</subfield><subfield code="c">Howard</subfield><subfield code="d">Cresco.</subfield></datafield><datafield ind1="0" ind2="8" tag="776"><subfield code="i">Online version:</subfield><subfield code="t">Twice-a-week plain dealer (Online)</subfield><subfield code="x">2374-6971</subfield><subfield code="w">(DLC)  2014218483</subfield></datafield><datafield ind1="0" ind2="0" tag="780"><subfield code="t">Iowa plain dealer</subfield><subfield code="w">(DLC)sn 83025167</subfield></datafield><datafield ind1="0" ind2="0" tag="785"><subfield code="t">Cresco plain dealer</subfield><subfield code="w">(DLC)sn 87058075</subfield></datafield><datafield ind1="4" ind2="1" tag="856"><subfield code="u">http://www.loc.gov/chroniclingamerica/lccn/sn88059319/issues</subfield></datafield></record>